@misc{incite:2019,
  title = {The Proton's Structure and the Search for New Physics},
  howpublished = {\url{http://www.doeleadershipcomputing.org/wp-content/uploads/2019/03/2019INCITEFactSheets.pdf}},
}

@article{Berkowitz:2018gqe,
	author         = "Berkowitz, Evan and others",
	title          = "{Simulating the weak death of the neutron in a femtoscale
	universe with near-Exascale computing}",
	year           = "2018",
	eprint         = "1810.01609",
	journal = "Gordon Bell Submission",
	archivePrefix  = "arXiv",
	primaryClass   = "hep-lat",
	reportNumber   = "LLNL-JRNL-749850",
	SLACcitation   = "%%CITATION = ARXIV:1810.01609;%%"
}



@article{Chang:2018uxx,
	author         = "Chang, C. C. and others",
	title          = "{A per-cent-level determination of the nucleon axial
	coupling from quantum chromodynamics}",
	journal        = "Nature",
	volume         = "558",
	year           = "2018",
	number         = "7708",
	pages          = "91-94",
	doi            = "10.1038/s41586-018-0161-8",
	eprint         = "1805.12130",
	archivePrefix  = "arXiv",
	primaryClass   = "hep-lat",
	reportNumber   = "BNL-203631-2018-JAAM, INT-PUB-18-021, LLNL-JRNL-747003,
	RBRC-1283, LTH-1166, RIKEN-ITHEMS-REPORT-18",
	SLACcitation   = "%%CITATION = ARXIV:1805.12130;%%"
}

@article{Nicholson:2018mwc,
	author         = "Nicholson, A. and others",
	title          = "{Heavy physics contributions to neutrinoless double beta
	decay from QCD}",
	journal        = "Phys. Rev. Lett.",
	volume         = "121",
	year           = "2018",
	pages          = "172501",
	doi            = "10.1103/PhysRevLett.121.172501",
	eprint         = "1805.02634",
	archivePrefix  = "arXiv",
	primaryClass   = "nucl-th",
	reportNumber   = "RIKEN-ITHEMS-REPORT-18",
	SLACcitation   = "%%CITATION = ARXIV:1805.02634;%%"
}